@string{aistats = {International Conference on Artificial Intelligence and Statistics}}
@string{aoas = {Annals of Applied Statistics}}
@string{aos = {Annals of Statistics}}
@string{colt = {Conference on Learning Theory}}
@string{ejs = {Electronic Journal of Statistics}}
@string{icml = {International Conference on Machine Learning}}
@string{jasa = {Journal of the American Statistical Association}}
@string{jmlr = {Journal of Machine Learning Research}}
@string{jrssb = {Journal of the Royal Statistical Society, Series B}}
@string{jspi = {Journal of Statistical Planning and Inference}}
@string{nips = {Advances in Neural Information Processing Systems}}
@string{tit = {IEEE Transactions on Information Theory}}
@string{uai = {Conference on Uncertainty in Artificial Intelligence}}


@article{wang2008probability,
  title={Probability estimation for large-margin classifiers},
  author={Wang, Junhui and Shen, Xiaotong and Liu, Yufeng},
  journal={Biometrika},
  volume={95},
  number={1},
  pages={149--167},
  year={2008},
  publisher={Oxford University Press}
}
@article{zhang2002covering,
  title={Covering number bounds of certain regularized linear function classes},
  author={Zhang, Tong},
  journal={Journal of Machine Learning Research},
  volume={2},
  number={Mar},
  pages={527--550},
  year={2002}
}

@book{kosorok2007introduction,
  title={Introduction to empirical processes and semiparametric inference},
  author={Kosorok, Michael R},
  year={2007},
  publisher={Springer Science \& Business Media}
}


@article{ZHOU2002739,
title = "The covering number in learning theory",
journal = "Journal of Complexity",
volume = "18",
number = "3",
pages = "739 - 767",
year = "2002",
issn = "0885-064X",
doi = "https://doi.org/10.1006/jcom.2002.0635",
url = "http://www.sciencedirect.com/science/article/pii/S0885064X02906357",
author = "Ding-Xuan Zhou",
}