%% This BibTeX bibliography file was created using BibDesk.
%% http://bibdesk.sourceforge.net/

%% Created for miaoyan at 2017-07-17 11:30:10 -0400

%% Saved with string encoding Unicode (UTF-8)
@string{aistats = {International Conference on Artificial Intelligence and Statistics}}
@string{aoas = {Annals of Applied Statistics}}
@string{aos = {Annals of Statistics}}
@string{colt = {Conference on Learning Theory}}
@string{ejs = {Electronic Journal of Statistics}}
@string{icml = {International Conference on Machine Learning}}
@string{jasa = {Journal of the American Statistical Association}}
@string{jmlr = {Journal of Machine Learning Research}}
@string{jrssb = {Journal of the Royal Statistical Society, Series B}}
@string{jspi = {Journal of Statistical Planning and Inference}}
@string{nips = {Advances in Neural Information Processing Systems}}
@string{tit = {IEEE Transactions on Information Theory}}
@string{uai = {Conference on Uncertainty in Artificial Intelligence}}

@article{cortes1995support,
  title={Support-vector networks},
  author={Cortes, Corinna and Vapnik, Vladimir},
  journal={Machine learning},
  volume={20},
  number={3},
  pages={273--297},
  year={1995},
  publisher={Springer}
}

@article{wu2010robust,
  title={Robust model-free multiclass probability estimation},
  author={Wu, Yichao and Zhang, Hao Helen and Liu, Yufeng},
  journal={Journal of the American Statistical Association},
  volume={105},
  number={489},
  pages={424--436},
  year={2010},
  publisher={Taylor \& Francis}
}

@book{friedman2001elements,
  title={The elements of statistical learning},
  author={Friedman, Jerome and Hastie, Trevor and Tibshirani, Robert},
  volume={1},
  number={10},
  year={2001},
  publisher={Springer series in statistics New York}
}

@book{shalev2014understanding,
  title={Understanding machine learning: From theory to algorithms},
  author={Shalev-Shwartz, Shai and Ben-David, Shai},
  year={2014},
  publisher={Cambridge university press}
}
